<?xml version="1.0" encoding="UTF-8"?><collection xmlns="http://www.loc.gov/MARC21/slim"><record><leader>00413nam--2200157-i-4500</leader><controlfield tag="001">000047350</controlfield><controlfield tag="002">20161230</controlfield><controlfield tag="005">20170305192508</controlfield><controlfield tag="008">060222s1000------------r-----000-0-eng-d</controlfield><datafield ind1="1" ind2=" " tag="100"><subfield code="a">Widder, David Vernon</subfield></datafield><datafield ind1="1" ind2="0" tag="245"><subfield code="a">The laplace transform</subfield></datafield><datafield ind1=" " ind2=" " tag="260"><subfield code="a">Princeton</subfield><subfield code="b">Princeton Univ.Press</subfield><subfield code="c">1946</subfield></datafield><datafield ind1=" " ind2=" " tag="300"><subfield code="a">X+406 p</subfield></datafield><datafield ind1=" " ind2=" " tag="490"><subfield code="a">Princeton Mathematical Series</subfield></datafield><datafield ind1=" " ind2=" " tag="852"><subfield code="a">21737</subfield><subfield code="c">517</subfield></datafield><datafield ind1=" " ind2=" " tag="CAT"><subfield code="a">SYS</subfield><subfield code="c">20170305</subfield><subfield code="h">192508</subfield></datafield></record></collection>